<record><leader>00000cas a22000007a 4500</leader><controlfield tag="001">12378497</controlfield><controlfield tag="008">850813d18651969mouwr ne      0    0eng d</controlfield><datafield ind1=" " ind2=" " tag="010"><subfield code="a">sn 85034022 </subfield></datafield><datafield ind1=" " ind2=" " tag="040"><subfield code="a">NPU</subfield><subfield code="b">eng</subfield><subfield code="c">NPU</subfield><subfield code="d">NPX</subfield><subfield code="d">MQN</subfield><subfield code="d">OCLCQ</subfield></datafield><datafield ind1=" " ind2=" " tag="042"><subfield code="a">msc</subfield></datafield><datafield ind1="0" ind2=" " tag="130"><subfield code="a">Memphis reveille (Memphis, Mo. : 1865)</subfield></datafield><datafield ind1="1" ind2="4" tag="245"><subfield code="a">The Memphis reveille.</subfield></datafield><datafield ind1=" " ind2=" " tag="260"><subfield code="a">Memphis, Mo. :</subfield><subfield code="b">Shields &amp; Henry,</subfield><subfield code="c">1865-1969.</subfield></datafield><datafield ind1=" " ind2=" " tag="300"><subfield code="a">v.</subfield></datafield><datafield ind1=" " ind2=" " tag="310"><subfield code="a">Weekly</subfield></datafield><datafield ind1="0" ind2=" " tag="362"><subfield code="a">Vol. 1, no. 1 (Sept. 9, 1865)-v. 103, no. 26 (Sept. 25, 1969).</subfield></datafield><datafield ind1=" " ind2="4" tag="651"><subfield code="a">Memphis (Mo.)</subfield><subfield code="v">Newspapers.</subfield></datafield><datafield ind1=" " ind2=" " tag="752"><subfield code="a">United States</subfield><subfield code="b">Missouri</subfield><subfield code="c">Scotland</subfield><subfield code="d">Memphis.</subfield></datafield><datafield ind1="0" ind2=" " tag="775"><subfield code="t">Memphis daily reveille</subfield><subfield code="w">(DLC)sn 89067442</subfield></datafield><datafield ind1="0" ind2="0" tag="780"><subfield code="t">Memphis national Democrat</subfield><subfield code="w">(DLC)sn 93060010</subfield></datafield><datafield ind1="0" ind2="4" tag="785"><subfield code="t">Memphis Democrat (Memphis, Mo.)</subfield><subfield code="w">(DLC)sn 89067439</subfield></datafield><datafield ind1="1" ind2=" " tag="029"><subfield code="a">AU@</subfield><subfield code="b">000020386348</subfield></datafield></record>